@article{pigeon2013individual,
  title={Individual loss reserving with the multivariate skew normal framework},
  author={Pigeon, Mathieu and Antonio, Katrien and Denuit, Michel},
  journal={ASTIN Bulletin: The Journal of the IAA},
  volume={43},
  number={3},
  pages={399--428},
  year={2013},
  publisher={Cambridge University Press}
}